<?xml version="1.0" encoding="UTF-8"?><collection xmlns="http://www.loc.gov/MARC21/slim"><record><leader>00496nam--2200181-u-4500</leader><controlfield tag="001">000056672</controlfield><controlfield tag="002">20161230</controlfield><controlfield tag="005">20161230201052</controlfield><controlfield tag="008">160406s1000------------r-----000-0-rus-d</controlfield><datafield ind1=" " ind2=" " tag="040"><subfield code="a">IFIN-HH</subfield></datafield><datafield ind1=" " ind2=" " tag="041"><subfield code="a">rus</subfield></datafield><datafield ind1=" " ind2=" " tag="080"><subfield code="a">530.16</subfield></datafield><datafield ind1="1" ind2=" " tag="100"><subfield code="a">Sommerfeld,Arnold</subfield></datafield><datafield ind1="1" ind2="0" tag="245"><subfield code="a">Termodinamika i statisticeskaia fizika</subfield><subfield code="c">Arnold sommerfeld</subfield></datafield><datafield ind1=" " ind2=" " tag="260"><subfield code="a">Moskva</subfield><subfield code="b">Inostrannoi Literaturi</subfield><subfield code="c">1955</subfield></datafield><datafield ind1=" " ind2=" " tag="300"><subfield code="a">479P</subfield></datafield><datafield ind1=" " ind2=" " tag="500"><subfield code="a">Titlul Original In Limba Germana: Termodinamik Und Statistik</subfield></datafield><datafield ind1=" " ind2=" " tag="852"><subfield code="a">3950</subfield></datafield></record></collection>